1CClientBankExchange
ВерсияФормата=1.03
Кодировка=windows-1251
Отправитель=
Получатель=
ДатаСоздания=25.03.2021
ВремяСоздания=14:53:46
ДатаНачала=24.03.2021
ДатаКонца=24.03.2021
РасчСчет=40702810700001234567
СекцияРасчСчет
ДатаНачала=24.03.2021
ДатаКонца=24.03.2021
РасчСчет=40702810700001234567
НачальныйОстаток=2000
ВсегоСписано=550.48
ВсегоПоступило=6280
КонечныйОстаток=7729.52
КонецРасчСчет
СекцияДокумент=Банковский ордер
Номер=658263
Дата=24.03.2021
Сумма=50
ПлательщикСчет=40702810700001234567
ДатаСписано=24.03.2021
Плательщик=Test 
ПлательщикИНН=7721541234
ПлательщикКПП=503401234
ПлательщикРасчСчет=40702810700001234567
ПлательщикБанк1=АО "Райффайзенбанк"
ПлательщикБИК=044523456
ПлательщикКорсчет=30101810200000001234
ПолучательСчет=70601810301962745678
Получатель=АО "Райффайзенбанк" г. Москва
ПолучательИНН=7744000302
ПолучательКПП=770201001
ПолучательРасчСчет=70601810301962745678
ПолучательБанк1=АО "РАЙФФАЙЗЕНБАНК", Г. МОСКВА
ПолучательБИК=044523456
ПолучательКорсчет=30101810200000001234
ВидПлатежа=
КодНазПлатежа=
ВидОплаты=17
Код=
СтатусСоставителя=
ПоказательКБК=
ОКАТО=
ПоказательОснования=
ПоказательПериода=
ПоказательНомера=
ПоказательДаты=
ПоказательТипа=
Очередность=6
НазначениеПлатежа=IPS FEE 1785123001 ON-US. Комиссии по операции СБП за 23/03/21
КонецДокумента
СекцияДокумент=Банковский ордер
Номер=721173
Дата=24.03.2021
Сумма=200
ПлательщикСчет=40702810700001234567
ДатаСписано=24.03.2021
Плательщик=Test 
ПлательщикИНН=7721541234
ПлательщикКПП=503401234
ПлательщикРасчСчет=40702810700001234567
ПлательщикБанк1=АО "Райффайзенбанк"
ПлательщикБИК=044523456
ПлательщикКорсчет=30101810200000001234
ПолучательСчет=30234560800000000001
Получатель=АО "Райффайзенбанк" г. Москва
ПолучательИНН=7744000302
ПолучательКПП=770201001
ПолучательРасчСчет=30234560800000000001
ПолучательБанк1=АО "РАЙФФАЙЗЕНБАНК", Г. МОСКВА
ПолучательБИК=044523456
ПолучательКорсчет=30101810200000001234
ВидПлатежа=
КодНазПлатежа=
ВидОплаты=17
Код=
СтатусСоставителя=
ПоказательКБК=
ОКАТО=
ПоказательОснования=
ПоказательПериода=
ПоказательНомера=
ПоказательДаты=
ПоказательТипа=
Очередность=6
НазначениеПлатежа=201083 RTRN MA0000000279 Возврат по дог. б/н  по операции СБП [201083 - AD100012345RF0U29DF839EBBSVE6944 - 0079310012345] за 24/03/21.
КонецДокумента
СекцияДокумент=Банковский ордер
Номер=658259
Дата=24.03.2021
Сумма=300.48
ПлательщикСчет=40702810700001234567
ДатаСписано=24.03.2021
Плательщик=Test 
ПлательщикИНН=7721541234
ПлательщикКПП=503401234
ПлательщикРасчСчет=40702810700001234567
ПлательщикБанк1=АО "Райффайзенбанк"
ПлательщикБИК=044523456
ПлательщикКорсчет=30101810200000001234
ПолучательСчет=70601810301962745678
Получатель=АО "Райффайзенбанк" г. Москва
ПолучательИНН=7744000302
ПолучательКПП=770201001
ПолучательРасчСчет=70601810301962745678
ПолучательБанк1=АО "РАЙФФАЙЗЕНБАНК", Г. МОСКВА
ПолучательБИК=044523456
ПолучательКорсчет=30101810200000001234
ВидПлатежа=
КодНазПлатежа=
ВидОплаты=17
Код=
СтатусСоставителя=
ПоказательКБК=
ОКАТО=
ПоказательОснования=
ПоказательПериода=
ПоказательНомера=
ПоказательДаты=
ПоказательТипа=
Очередность=6
НазначениеПлатежа=IPS FEE 1785123001 OFF-US. Комиссии по операции СБП за 23/03/21
КонецДокумента
СекцияДокумент=Банковский ордер
Номер=913045
Дата=24.03.2021
Сумма=2780
ПлательщикСчет=30233810100000003618
Плательщик=АО "Райффайзенбанк" г. Москва
ПлательщикИНН=7744000302
ПлательщикКПП=770201001
ПлательщикРасчСчет=30233810100000003618
ПлательщикБанк1=АО "РАЙФФАЙЗЕНБАНК", Г. МОСКВА
ПлательщикБИК=044523456
ПлательщикКорсчет=30101810200000001234
ПолучательСчет=40702810700001234567
ДатаПоступило=24.03.2021
Получатель=Test
ПолучательИНН=7721541234
ПолучательКПП=503401234
ПолучательРасчСчет=40702810700001234567
ПолучательБанк1=АО "РАЙФФАЙЗЕНБАНК", Г. МОСКВА
ПолучательБИК=044523456
ПолучательКорсчет=30101810200000001234
ВидПлатежа=
КодНазПлатежа=
ВидОплаты=17
Код=
СтатусСоставителя=
ПоказательКБК=
ОКАТО=
ПоказательОснования=
ПоказательПериода=
ПоказательНомера=
ПоказательДаты=
ПоказательТипа=
Очередность=6
НазначениеПлатежа=200648 IPS MA0000000279 Расч по дог. б/н по операции СБП [200648 - AD1000123456E7UG9FTRSF7GLJ3T6H0S - 0079066312345] за 24/03/21. НДС не обл
КонецДокумента
СекцияДокумент=Банковский ордер
Номер=703083
Дата=24.03.2021
Сумма=3500
ПлательщикСчет=30233810100000003618
Плательщик=АО "Райффайзенбанк" г. Москва
ПлательщикИНН=7744000302
ПлательщикКПП=770201001
ПлательщикРасчСчет=30233810100000003618
ПлательщикБанк1=АО "РАЙФФАЙЗЕНБАНК", Г. МОСКВА
ПлательщикБИК=044523456
ПлательщикКорсчет=30101810200000001234
ПолучательСчет=40702810700001234567
ДатаПоступило=24.03.2021
Получатель=Test
ПолучательИНН=7721541234
ПолучательКПП=503401234
ПолучательРасчСчет=40702810700001234567
ПолучательБанк1=АО "РАЙФФАЙЗЕНБАНК", Г. МОСКВА
ПолучательБИК=044523456
ПолучательКорсчет=30101810200000001234
ВидПлатежа=
КодНазПлатежа=
ВидОплаты=17
Код=
СтатусСоставителя=
ПоказательКБК=
ОКАТО=
ПоказательОснования=
ПоказательПериода=
ПоказательНомера=
ПоказательДаты=
ПоказательТипа=
Очередность=6
НазначениеПлатежа=200529 IPS MA0000000279 Расч по дог. б/н по операции СБП [200529 - AD1000123456DRE9A0R9N7IK7CI0SEG - 0079113512345] за 24/03/21. НДС не обл
КонецФайла